[gd_scene load_steps=15 format=2]

[ext_resource path="res://Actors/Earth.tscn" type="PackedScene" id=1]
[ext_resource path="res://Actors/Player.tscn" type="PackedScene" id=2]
[ext_resource path="res://Assets/Sprites/Space.png" type="Texture" id=3]
[ext_resource path="res://GameManager.gd" type="Script" id=4]
[ext_resource path="res://Actors/LaserEnemy.tscn" type="PackedScene" id=5]
[ext_resource path="res://UserInterface/PauseMenu.tscn" type="PackedScene" id=6]
[ext_resource path="res://Actors/BombEnemy.tscn" type="PackedScene" id=7]
[ext_resource path="res://Actors/BossEnemy.tscn" type="PackedScene" id=8]
[ext_resource path="res://UserInterface/HUD.tscn" type="PackedScene" id=9]

[sub_resource type="RectangleShape2D" id=1]
extents = Vector2( 800, 100 )

[sub_resource type="RectangleShape2D" id=2]
extents = Vector2( 800, 100 )

[sub_resource type="RectangleShape2D" id=3]
extents = Vector2( 100, 800 )

[sub_resource type="RectangleShape2D" id=4]
extents = Vector2( 100, 800 )

[sub_resource type="Environment" id=5]
background_mode = 4
glow_enabled = true
glow_blend_mode = 0
glow_hdr_threshold = 0.1
glow_bicubic_upscale = true

[node name="Game" type="Node2D"]
script = ExtResource( 4 )
enemies = [ ExtResource( 5 ), ExtResource( 5 ), ExtResource( 5 ), ExtResource( 5 ), ExtResource( 5 ), ExtResource( 7 ), ExtResource( 7 ), ExtResource( 7 ), ExtResource( 7 ), ExtResource( 8 ) ]

[node name="HUD" type="CanvasLayer" parent="."]

[node name="HUD" parent="HUD" instance=ExtResource( 9 )]

[node name="PauseMenu" parent="HUD" instance=ExtResource( 6 )]

[node name="ParallaxBackground" type="ParallaxBackground" parent="."]

[node name="ParallaxLayer" type="ParallaxLayer" parent="ParallaxBackground"]
motion_scale = Vector2( 0.2, 0.2 )
motion_mirroring = Vector2( 640, 640 )

[node name="Space" type="Sprite" parent="ParallaxBackground/ParallaxLayer"]
scale = Vector2( 2, 2 )
texture = ExtResource( 3 )
centered = false

[node name="Earth" parent="." instance=ExtResource( 1 )]
collision_layer = 8
collision_mask = 0

[node name="Player" parent="." instance=ExtResource( 2 )]
position = Vector2( 0, -100 )
rotation = 4.71239
scale = Vector2( 0.999982, 0.999982 )

[node name="Camera2D" parent="Player" index="3"]
limit_left = -700
limit_top = -700
limit_right = 700
limit_bottom = 700

[node name="Bounds" type="StaticBody2D" parent="."]
collision_layer = 32
collision_mask = 21

[node name="CollisionShape2D" type="CollisionShape2D" parent="Bounds"]
position = Vector2( 0, -800 )
shape = SubResource( 1 )

[node name="CollisionShape2D2" type="CollisionShape2D" parent="Bounds"]
position = Vector2( 0, 800 )
shape = SubResource( 2 )

[node name="CollisionShape2D3" type="CollisionShape2D" parent="Bounds"]
position = Vector2( -800, 0 )
shape = SubResource( 3 )

[node name="CollisionShape2D4" type="CollisionShape2D" parent="Bounds"]
position = Vector2( 800, 0 )
shape = SubResource( 4 )

[node name="WorldEnvironment" type="WorldEnvironment" parent="."]
environment = SubResource( 5 )

[node name="Camera2D" type="Camera2D" parent="."]
[connection signal="body_entered" from="Earth" to="Earth" method="_on_Earth_body_entered"]

[editable path="Player"]
