[gd_scene load_steps=20 format=2]

[ext_resource path="res://Actors/Enemy.gd" type="Script" id=1]
[ext_resource path="res://Objects/Bomb.tscn" type="PackedScene" id=2]
[ext_resource path="res://Assets/Sprites/Boss.png" type="Texture" id=3]
[ext_resource path="res://Assets/Sounds/boom.ogg" type="AudioStream" id=4]
[ext_resource path="res://Assets/Sprites/Explosion.png" type="Texture" id=5]
[ext_resource path="res://Assets/Sounds/boom2.ogg" type="AudioStream" id=6]
[ext_resource path="res://Shaders/Flash.shader" type="Shader" id=7]

[sub_resource type="ShaderMaterial" id=1]
resource_local_to_scene = true
shader = ExtResource( 7 )
shader_param/flash_color = Color( 1, 1, 1, 1 )
shader_param/flash_modifier = 0.0

[sub_resource type="AtlasTexture" id=2]
atlas = ExtResource( 5 )
region = Rect2( 0, 0, 16, 16 )

[sub_resource type="AtlasTexture" id=3]
atlas = ExtResource( 5 )
region = Rect2( 16, 0, 16, 16 )

[sub_resource type="AtlasTexture" id=4]
atlas = ExtResource( 5 )
region = Rect2( 32, 0, 16, 16 )

[sub_resource type="AtlasTexture" id=5]
atlas = ExtResource( 5 )
region = Rect2( 48, 0, 16, 16 )

[sub_resource type="AtlasTexture" id=6]
atlas = ExtResource( 5 )
region = Rect2( 64, 0, 16, 16 )

[sub_resource type="AtlasTexture" id=7]
atlas = ExtResource( 5 )
region = Rect2( 80, 0, 16, 16 )

[sub_resource type="AtlasTexture" id=8]
atlas = ExtResource( 5 )
region = Rect2( 96, 0, 16, 16 )

[sub_resource type="SpriteFrames" id=9]
animations = [ {
"frames": [ ExtResource( 3 ) ],
"loop": false,
"name": "default",
"speed": 1.0
}, {
"frames": [ SubResource( 2 ), SubResource( 3 ), SubResource( 4 ), SubResource( 5 ), SubResource( 6 ), SubResource( 7 ), SubResource( 8 ) ],
"loop": false,
"name": "death",
"speed": 12.0
} ]

[sub_resource type="AudioStreamRandomPitch" id=10]
audio_stream = ExtResource( 4 )

[sub_resource type="AudioStreamRandomPitch" id=11]
audio_stream = ExtResource( 6 )

[sub_resource type="Animation" id=12]
length = 0.1
tracks/0/type = "value"
tracks/0/path = NodePath(".:material:shader_param/flash_modifier")
tracks/0/interp = 1
tracks/0/loop_wrap = true
tracks/0/imported = false
tracks/0/enabled = true
tracks/0/keys = {
"times": PoolRealArray( 0, 0.1 ),
"transitions": PoolRealArray( 1, 0.5 ),
"update": 0,
"values": [ 1.0, 0.0 ]
}

[node name="BossEnemy" type="KinematicBody2D"]
material = SubResource( 1 )
z_index = 10
collision_layer = 2
collision_mask = 17
script = ExtResource( 1 )
__meta__ = {
"_editor_description_": ""
}
max_health = 100
bullet = ExtResource( 2 )
fire_rate = 0.2
shots = 5.0
spread = 10.0
fire_range = 170.0
acceleration = 100.0
max_speed = 7.0
turn_speed = 0.3
score_value = 150

[node name="AnimatedSprite" type="AnimatedSprite" parent="."]
use_parent_material = true
rotation = 1.5708
frames = SubResource( 9 )

[node name="DamageAudioPlayer" type="AudioStreamPlayer2D" parent="."]
stream = SubResource( 10 )
max_distance = 1000.0

[node name="FireAudioPlayer" type="AudioStreamPlayer2D" parent="."]
stream = SubResource( 11 )
max_distance = 1000.0

[node name="AnimationPlayer" type="AnimationPlayer" parent="."]
"anims/Take Damage" = SubResource( 12 )

[node name="CollisionShape2D" type="CollisionPolygon2D" parent="."]
polygon = PoolVector2Array( -15.2124, -15.1266, -8.49488, -15.1266, 1.31622, -6.11094, 16.4306, -0.012146, 1.05106, 5.64471, -8.67166, 14.7487, -14.9472, 14.6603 )
